@book{lp3w,
  title={{Analysis and Design of Engineering Systems}},
  author={Paynter, H.M. and Briggs, P.},
  year={1961},
  publisher={MIT Press}
}

@article{LM741,
  title={{LM-741 OP AMP}},
  author={Texax Instruments},
  journal={data sheet},
  volume={},
  number={},
  pages={},
  year={2017}
}

@article{TL084,
  title={{FET input quad op-amp}},
  author={Texas Instruments},
  journal={data sheet},
  volume={},
  number={},
  pages={},
  year={2003}
}

@article{L298N,
  title={{L298N Dual H-Bridge Motor Driver}},
  author={STMicroelectronics},
  journal={Data Sheet},
  volume={},
  number={},
  pages={},
  year={1997}
}


